@book{bisio_pervasive_2011,
  title = {Pervasive Computing and Communications Design and Deployment: Technologies, Trends and Applications},
  author = {Igor Bisio and Fabio Lavagetto and Mario Marchese},
  chapter = {Context-Aware Smartphone Services},
  year = {2011},
  publisher = {IGI Global},
  address = {Hershey, Oxford}
}

@inproceedings{bisio_wifi_barometer_2018,
  title = {WiFi meets Barometer: Smartphone-based 3D Indoor Positioning Method},
  author = {Luca Bedogni and Andrea Sciarrone and Igor Bisio and Luciano Bononi},
  year = {2018},
  booktitle = {IEEE International Conference on Communications (ICC)}
}

@inproceedings{bedogni_self_adapting_2016,
  title = {A Self-Adapting Algorithm based on Atmospheric Pressure to Localize Indoor Devices},
  author = {Luca Bedogni and Fabio Franzoso and Luciano Bononi},
  year = {2016},
  booktitle = {IEEE Global Communications Conference (GLOBECOM)}
}

@inproceedings{duvallet_wifi_position_2008,
  title = {WiFi Position Estimation in Industrial Environments Using Gaussian Processes},
  author = {Felix Duvallet and Ashley D. Tews},
  year = {2008},
  booktitle = {2008 IEEE/RSJ International Conference on Intelligent Robots and Systems}
}

@article{Zou2015,
  author    = {Han Zou and Xiaoxuan Lu and Hao Jiang and Lihua Xie},
  title     = {A Fast and Precise Indoor Localization Algorithm Based on an Online Sequential Extreme Learning Machine},
  journal   = {Sensors},
  volume    = {15},
  year      = {2015},
  publisher = {MDPI}
}

@inproceedings{Karaagac2017,
  author    = {Matteo Ridolfi and Jetmir Haxhibeqiri and Abdulkadir Karaagac and Wout Joseph and Ingrid Moerman and Jeroen Hoebeke},
  title     = {Evaluation of Accurate Indoor Localization Systems in Industrial Environments},
  booktitle = {IEEE International Conference on Communications (ICC)},
  year      = {2017},
  address   = {Paris, France},
  organization = {IEEE}
}

@article{Sadowski2018,
  author = {Sebastian Sadowski and Petros Spachos},
  title = {RSSI-Based Indoor Localization With the Internet of Things},
  journal = {IEEE Access},
  year = {2018},
  organization = {IEEE}
}

@inproceedings{qureshi2018analysis,
  title={Analysis of Bluetooth Low Energy (BLE) Based Indoor Localization System with Multiple Transmission Power Levels},
  author={Qureshi, Umair Mujtaba and Umair, Zuneera and Duan, Yaoxin and Hancke, Gerhard Petrus},
  booktitle={2018 IEEE International Symposium on Industrial Electronics (ISIE)},
  year={2018},
  organization={IEEE}
}

@article{habaebi2020mobile,
  title={Mobile Drone Localization in Indoor Environment Based on Passive RFID},
  author={Habaebi, Mohamed Hadi and Omar, Rashid Khamis and Islam, Md Rafiqul},
  journal={International Journal of Interactive Mobile Technologies (iJIM)},
  volume={14},
  number={05},
  year={2020},
  publisher={International Association of Online Engineering}
}

@article{Mazuelas2009RobustIndoor,
  title={Robust Indoor Positioning Provided by Real-Time RSSI Values in Unmodified WLAN Networks},
  author={Santiago Mazuelas and Alfonso Bahillo and Ruben M. Lorenzo and Patricia Fernandez and Francisco A. Lago and Eduardo Garcia and Juan Blas and Evaristo J. Abril},
  journal={IEEE Journal of Selected Topics in Signal Processing},
  volume={3},
  number={5},
  pages={821-831},
  year={2009},
  publisher={IEEE}
}

@inproceedings{Honkavirta2009,
  author = {Honkavirta, Ville and Per{\"a}l{\"a}, Tommi and Ali-L{\"o}ytty, Simo and Pich{\'e}, Robert},
  title = {A Comparative Survey of WLAN Location Fingerprinting Methods},
  booktitle = {Proceedings of the 6th Workshop on Positioning Navigation and Communication 2009 (WPNC'09)},
  year = {2009},
  pages = {243--251}
}

@inproceedings{Seco2009,
  author = {Seco, Fernando and Jimenez, Antonio R. and Prieto, Carlos and Roa, Javier and Koutsou, Katerina},
  title = {A Survey of Mathematical Methods for Indoor Localization},
  booktitle = {WISP 2009: 6th IEEE International Symposium on Intelligent Signal Processing},
  year = {2009},
  pages = {1--5},
  organization = {IEEE}
}

@article{Liu2007SurveyWI,
  title={Survey of wireless indoor positioning techniques and systems},
  author={H. Liu and H. Darabi and P. Banerjee and J. Liu},
  journal={IEEE Transactions on Systems, Man, and Cybernetics, Part C (Applications and Reviews)},
  volume={37},
  number={6},
  pages={1067--1080},
  year={2007},
  publisher={IEEE}
}

@book{Dargie2010FundamentalsWS,
  title={Fundamentals of wireless sensor networks: theory and practice},
  author={W. Dargie and C. Poellabauer},
  year={2010},
  publisher={John Wiley {\&} Sons}
}

